@article{Quantumwalks ,
 author = {Salvador E., Venegas-Andraca},
 title = {Quantum walks: a comprehensive review},
 year = {2012},
 publisher = {Quantum Information Processing vol. 11(5)},
 address = {https://arxiv.org/abs/1201.4780}
}

@article{NetSquid ,
 author = {Salvador E., Venegas-Andraca},
 title = {NetSquid, a NETwork Simulator for QUantum Information using Discrete events},
 year = {2020},
 publisher = {Commun Phys 4, 164},
 address = {https://arxiv.org/abs/2010.12535}
}
